@misc{Census2010ACSDP1Y2010.DP04,
    author={U.S. Census Bureau},
    title={SELECTED HOUSING CHARACTERISTICS},
    vintage=2010,
    howpublished={U.S. Census Bureau},
    note={Accessed on 3 March 2024. \url{https://data.census.gov/table/ACSDP1Y2010.DP04?q=albquerque%20city%20DP04&g=160XX00US5363000}}
}

@article{NPR-ABGC-2022,
  author={Chris Arnold, Robert Benincasa, Jacqueline GaNun, Haidee Chu},
  title={There's a massive housing shortage across the U.S. Here's how bad it is where you live},
  journal={NPR Economy},
  note={Accessed on 3 March 2024 \url{https://www.npr.org/2022/07/14/1109345201/theres-a-massive-housing-shortage-across-the-u-s-heres-how-bad-it-is-where-you-l}},
  year={14 July 2022}
}
